fiscalDateEnding,grossProfit,totalRevenue,costOfRevenue,costofGoodsAndServicesSold,operatingIncome,sellingGeneralAndAdministrative,researchAndDevelopment,operatingExpenses,investmentIncomeNet,netInterestIncome,interestIncome,interestExpense,nonInterestIncome,otherNonOperatingIncome,depreciation,depreciationAndAmortization,incomeBeforeTax,incomeTaxExpense,interestAndDebtExpense,netIncomeFromContinuingOperations,comprehensiveIncomeNetOfTax,ebit,ebitda,netIncome
2023-12-31,-704052000,2356165000,3060217000,3046848000,-849866000,194251000,22753000,166820000,None,-73460000,None,73460000,111090000,-36699000,None,6671000,-498802000,118878000,34386000,-700359000,-445234000,-849866000,-418671000,-617680000
2023-09-30,54934000,2310596000,2255662000,2255662000,-140014000,173866000,21082000,206677000,None,-1616000,29332000,1616000,0,11182000,None,1686000,293982000,-8551000,29332000,320693000,119507000,-140014000,297284000,302533000
2023-06-30,558487000,2370190000,1811703000,1811703000,139998000,397070000,21419000,426926000,None,-1635000,25577000,1635000,0,53954000,None,1935000,693030000,42987000,25577000,676439000,645434000,139998000,696600000,650043000
2023-03-31,1276540000,2580252000,1303712000,1303712000,1101763000,154306000,20471000,188164000,None,-1059000,26777000,1059000,0,82492000,None,8279000,1515543000,276963000,26777000,1276703000,1285905000,1101763000,1524881000,1238580000
2022-12-31,1001319000,2620978000,1619659000,1619659000,833009000,148156000,20154000,185602000,None,-32085000,24039000,32085000,-21800000,54119000,None,8281000,1156547000,24102000,24039000,1036471000,1289092000,833009000,1196913000,1132445000
2022-09-30,1043814000,2091805000,1047991000,1047991000,890977000,134479000,18358000,155934000,None,-826000,29691000,826000,0,7974000,None,952000,1094153000,196938000,29691000,931206000,687044000,890977000,1095931000,897215000
2022-06-30,580424000,1479593000,899169000,899169000,434096000,128942000,17386000,152675000,None,-840000,41409000,840000,0,8767000,None,972000,495791000,89018000,41409000,440592000,293254000,434096000,497603000,406773000
2022-03-31,449030000,1127728000,678698000,678698000,311979000,112568000,16083000,145226000,None,-853000,27834000,853000,-8400000,15496000,None,6451000,333913000,80530000,27834000,281547000,252214000,311979000,341217000,253383000
2021-12-31,236594000,894204000,657610000,657610000,-31286000,123302000,12125000,277048000,None,-50781000,5306000,50781000,-132353000,28530000,None,6337000,11200000,15024000,5306000,-65801000,-29838000,-31286000,68318000,-3824000
2021-09-30,249273000,830566000,581293000,581293000,131523000,103477000,13289000,118657000,None,-722000,5136000,722000,-984000,-643196000,None,153000,-507451000,-114670000,5136000,-374433000,-431216000,131523000,-506576000,-392781000
2021-06-30,248417000,773896000,525479000,525479000,542333000,121516000,13976000,-292994000,None,-752000,5952000,752000,429408000,14000,None,156000,531585000,106985000,7152000,446208000,446713000,542333000,532493000,424600000
2021-03-31,263687000,829291000,565604000,565604000,155864000,93187000,14636000,116571000,None,-755000,16082000,755000,-27798000,11312000,None,6586000,117784000,22107000,43882000,117698000,71695000,155864000,125125000,95677000
2020-12-31,265420000,879147000,613727000,613727000,125136000,124909000,15375000,158092000,None,-31104000,19152000,31104000,-28800000,-57557000,None,6511000,74534000,-10101000,19152000,31326000,156970000,125136000,112149000,84635000
2020-09-30,254056000,746868000,492812000,492812000,144432000,96092000,13532000,112001000,None,-697000,16125000,697000,0,-3661000,None,126000,128954000,30653000,19227000,117045000,130965000,144432000,129777000,98301000
2020-06-30,233359000,764049000,530690000,530690000,112200000,106949000,14210000,128045000,None,-630000,20701000,630000,0,-6273000,None,153000,101055000,15431000,17852000,103758000,180982000,112200000,101838000,85624000
2020-03-31,242018000,738845000,496827000,496827000,124044000,101877000,16097000,126075000,None,-650000,22339000,650000,0,8314000,None,6254000,125646000,18442000,16885000,123635000,-23550000,124044000,132550000,107204000
2019-12-31,338511000,992564000,654053000,654053000,139085000,185163000,14263000,199717000,None,-30221000,15718000,30221000,-32229000,-38388000,None,6767000,85286000,-5105000,22400000,35114000,130633000,139085000,122274000,90391000
2019-09-30,309867000,879747000,569880000,569880000,186147000,108135000,15585000,127991000,None,-31000,30439000,31000,0,-11316000,None,157000,180411000,25341000,11108000,171618000,68504000,186147000,180599000,155070000
2019-06-30,325914000,885052000,559138000,559138000,185737000,126715000,13462000,145167000,None,-32000,9502000,32000,0,-7065000,None,136000,184609000,30411000,11601000,174970000,162325000,185737000,184777000,154198000
2019-03-31,283486000,832064000,548578000,548578000,155154000,113355000,14977000,135659000,None,-33000,23001000,33000,0,11291000,None,6827000,171083000,37514000,12586000,151526000,126713000,155154000,177943000,133569000
2018-12-31,320384000,921699000,601315000,601315000,174807000,120916000,16384000,8277000,None,None,None,12571000,-8277000,-32528000,None,6733000,140792000,11196000,12571000,100472000,93105000,174807000,181540000,129596000
2018-09-30,280537000,777748000,497211000,497211000,163760000,100167000,16610000,120501000,None,None,None,12988000,0,3793000,None,6824000,162912000,33167000,12988000,143479000,117233000,163760000,170584000,129745000
2018-06-30,311356000,853874000,542518000,542518000,390350000,123637000,16074000,-72484000,None,None,None,13308000,217505000,-5223000,None,7004000,382563000,80102000,13308000,310686000,175521000,390350000,397354000,302461000
2018-03-31,304979000,821629000,516650000,516650000,182623000,101370000,20986000,131975000,None,None,None,13538000,3200000,-30476000,None,7418000,152121000,20361000,13538000,138925000,182689000,182623000,190041000,131760000
2017-12-31,303703000,857789000,554086000,550780000,164494000,118302000,20907000,138544000,None,None,None,16455000,-3500000,-6113000,None,7473000,159855000,378221000,16455000,-218366000,-194091000,164494000,171967000,-218366000
2017-09-30,275657000,754866000,479210000,479077000,147422000,106471000,21763000,127345000,None,None,None,15792000,-1900000,-1986000,None,6038000,137165000,18495000,15792000,118670000,165560000,147422000,153460000,118670000
2017-06-30,271960000,737258000,465298000,465164000,138039000,116585000,17337000,133023000,None,None,None,14590000,-800000,-1678000,None,5849000,126463000,23130000,14590000,103333000,153481000,138039000,143888000,103333000
2017-03-31,254956000,722063000,467107000,466975000,121705000,108928000,24323000,138064000,None,None,None,68513000,-57701000,265000,None,5740000,63184000,11971000,68513000,51213000,116644000,121705000,127445000,51213000
2016-12-31,240966000,577457000,186721000,455689000,109781000,98777000,19091000,13047000,None,None,None,18321000,0,-21275000,None,4750000,636818000,34728000,18321000,42116000,524108000,109781000,114531000,602090000
2016-09-30,238972000,654310000,501340000,415038000,124909000,86302000,21012000,107314000,None,None,None,15946000,300000,2990000,None,4837000,140614000,12394000,15946000,105035000,169245000,124909000,129746000,128220000
2016-06-30,248104000,667001000,526308000,421223000,123493000,86055000,20500000,124611000,None,None,None,15800000,-2326000,-2297000,None,-7370000,-291165000,23656000,15800000,83519000,-358614000,123493000,116123000,-314821000
2016-03-31,242534000,986622000,705296000,528000000,242797000,82631000,19872000,79373000,None,None,None,25251000,121224000,47000,None,16783000,253671000,25485000,15114000,210874000,317811000,242797000,259580000,228186000
2015-12-31,237773000,930353000,711296000,604723000,153014000,47768000,21863000,132321000,None,None,None,11200000,0,-2951000,None,15748000,143606000,-30646000,19457000,160797000,139377000,153014000,170554000,174252000
2015-09-30,219045000,903893000,723694000,592883000,86420000,81012000,21903000,156106000,None,None,None,0,-1200000,124000,None,21180000,78536000,13144000,19294000,54395000,-4615000,86420000,99716000,65392000
2015-06-30,212031000,932085000,778631000,630919000,79264000,88010000,21925000,173048000,None,None,None,0,600000,286000,None,20441000,66998000,14851000,20599000,42025000,97997000,79264000,87439000,52147000
2015-03-31,191384000,936804000,781846000,625938000,36686000,135765000,26492000,182400000,None,None,None,0,52400000,49957000,None,19913000,57255000,14140000,35746000,43115000,-256754000,36686000,77168000,43115000
2014-12-31,162440000,598566000,5322000,436126000,-23338000,144008000,21394000,5322000,None,None,None,2400000,-1600000,-10307000,None,25228000,-46724000,-28216000,15103000,-17450000,-79270000,-23338000,-19096000,-18508000
2014-09-30,205446000,641618000,503277000,436972000,106473000,66012000,22407000,88712000,None,None,None,0,-800000,-6618000,None,25630000,84531000,11737000,8749000,79473000,-28501000,106473000,110161000,72794000
2014-06-30,207363000,603421000,472544000,397358000,110240000,67011000,21937000,97123000,None,None,None,0,-1300000,-979000,None,24905000,44220000,21773000,8733000,82472000,15164000,110240000,69125000,22447000
2014-03-31,195599000,656679000,586512000,462393000,77923000,78104000,22572000,146056000,None,None,None,8773000,0,1143000,None,27809000,69773000,13190000,8773000,58352000,47265000,77923000,105732000,56583000
2013-12-31,253279000,691956000,33400000,438429000,227110000,-28479000,21287000,33400000,None,None,None,9224000,-1500000,-527000,None,27893000,217481000,61548000,9224000,156819000,175883000,227110000,255003000,155933000
2013-09-30,209611000,646638000,499532000,436989000,128802000,61368000,19441000,81984000,None,None,None,9496000,-2000000,-368000,None,27660000,117475000,26963000,9496000,89981000,130625000,128802000,156462000,90512000
2013-06-30,191670000,636497000,500458000,437558000,108380000,61725000,21565000,84465000,None,None,None,7608000,2300000,-1585000,None,26573000,103135000,20396000,7608000,80111000,87912000,108380000,134953000,82739000
2013-03-31,195911000,636825000,532029000,442035000,114887000,64750000,19953000,111529000,None,None,None,5231000,-4800000,-4209000,None,25244000,110179000,26192000,5231000,82152000,49732000,114887000,140131000,83987000
2012-12-31,191977000,687596000,5300000,482930000,25402000,119313000,19128000,5300000,None,None,None,7666000,-2400000,-335000,None,24592000,24777000,-12949000,7666000,-111028000,60928000,25402000,49994000,37726000
2012-09-30,217750000,662126000,506451000,446469000,144515000,53404000,19831000,79813000,None,None,None,7914000,900000,2370000,None,24979000,141931000,32472000,7914000,119306000,138485000,144515000,169494000,109459000
2012-06-30,249288000,686494000,611536000,442209000,71939000,61735000,20911000,190238000,None,None,None,8486000,1600000,-688000,None,25214000,71971000,21882000,8486000,160180000,-5926000,71939000,97153000,50089000
2012-03-31,250980000,713504000,568744000,463817000,157927000,74004000,19049000,134000000,None,None,None,8734000,1800000,-118000,None,24235000,153290000,39028000,8734000,138797000,142984000,157927000,182162000,114262000
2011-12-31,206810000,707390000,575356000,473308000,66028000,126955000,18987000,158545000,None,None,None,8998000,-5400000,-177000,None,24827000,49259000,3711000,8998000,234082000,7303000,66028000,90855000,45548000
2011-09-30,260402000,722677000,542934000,464965000,160309000,77169000,20534000,105383000,None,None,None,9710000,-300000,956000,None,24616000,158759000,38097000,9710000,148314000,47958000,160309000,184925000,120662000
2011-06-30,252377000,740608000,573066000,490159000,149095000,82907000,19947000,110062000,None,None,None,9274000,-1500000,-760000,None,24306000,144997000,30154000,9274000,150026000,137157000,149095000,173401000,114843000
2011-03-31,235358000,698013000,559557000,463514000,142362000,73039000,17615000,120121000,None,None,None,9592000,500000,338000,None,23004000,143233000,32172000,9592000,113767000,185136000,142362000,165366000,111061000
2010-12-31,196461000,604975000,503009000,408514000,98481000,79296000,14672000,114186000,None,None,None,7474000,1700000,1204000,None,24092000,103811000,18839000,7474000,196461000,-209478000,98481000,122573000,84972000
2010-09-30,196823000,585036000,450137000,388213000,120563000,61924000,14336000,76260000,None,None,None,6139000,-800000,1303000,None,23075000,121575000,27886000,6139000,97020000,93689000,120563000,143638000,93689000
2010-06-30,188167000,592483000,471181000,404316000,106635000,66865000,14667000,81532000,None,None,None,5984000,-900000,-729000,None,23710000,106082000,24331000,5984000,86086000,81751000,106635000,130345000,81751000
2010-03-31,164471000,580270000,415799000,415799000,76264000,66530000,14719000,81249000,None,None,None,5936000,None,1010000,None,24701000,80008000,16700000,5936000,None,None,76264000,100965000,63308000
2009-12-31,149459000,558228000,408769000,408769000,63437000,59542000,14837000,74379000,None,None,None,6023000,None,-1911000,None,25974000,56992000,-5353000,6023000,None,None,63437000,89411000,62345000
2009-09-30,134079000,515276000,381197000,381197000,62925000,56171000,14983000,71154000,None,None,None,6199000,None,343000,None,24135000,57680000,5549000,6199000,None,None,62925000,87060000,52131000
2009-06-30,109818000,445299000,335481000,335481000,30991000,51481000,14953000,78827000,None,None,None,6088000,None,1276000,None,24629000,30744000,-7749000,6088000,None,None,30991000,30991000,38493000
