fiscalDateEnding,grossProfit,totalRevenue,costOfRevenue,costofGoodsAndServicesSold,operatingIncome,sellingGeneralAndAdministrative,researchAndDevelopment,operatingExpenses,investmentIncomeNet,netInterestIncome,interestIncome,interestExpense,nonInterestIncome,otherNonOperatingIncome,depreciation,depreciationAndAmortization,incomeBeforeTax,incomeTaxExpense,interestAndDebtExpense,netIncomeFromContinuingOperations,comprehensiveIncomeNetOfTax,ebit,ebitda,netIncome
2023-12-31,188827000,421748000,232921000,74927000,130341000,19739000,None,157975000,None,-55099000,17204000,55099000,2803000,None,138016000,138016000,64851000,-540000,55099000,-60152000,43589000,130341000,257966000,65391000
2023-09-30,327521000,419183000,91662000,77020000,131784000,14611000,None,14642000,None,-54161000,38371000,54161000,2785000,None,137357000,137357000,87686000,404000,54161000,142074000,91255000,131784000,279204000,87282000
2023-06-30,328382000,416043000,87661000,73843000,134832000,13813000,None,13818000,None,-52600000,4468000,52600000,2778000,None,136718000,136718000,101353000,1733000,52600000,145336000,114483000,134832000,290671000,99620000
2023-03-31,186524000,412421000,225897000,73882000,187385000,15311000,None,151997000,None,-51045000,26691000,51045000,2765000,None,136347000,136347000,152632000,-900000,51045000,258394000,143588000,187385000,340024000,153532000
2022-12-31,189906000,415183000,225277000,71282000,228143000,16036000,None,153678000,None,-52299000,36296000,52299000,2826000,None,135758000,135758000,182792000,-2373000,52299000,34280000,180862000,228143000,370849000,185165000
2022-09-30,320896000,409748000,88852000,73450000,128608000,15172000,None,15402000,None,-51645000,5275000,51645000,2884000,None,135511000,135511000,94597000,1755000,51647000,137838000,118057000,128608000,281753000,92842000
2022-06-30,317080000,399978000,82898000,69761000,128628000,13127000,None,13137000,None,-50477000,4571000,50477000,2738000,None,134517000,134517000,50190000,-6864000,50477000,127092000,68371000,128628000,235184000,57054000
2022-03-31,167202000,381905000,214703000,68858000,109850000,12242000,None,145783000,None,-50377000,4785000,50377000,2689000,None,133533000,133533000,70500000,-2754000,50377000,73254000,93043000,109850000,254410000,73254000
2021-12-31,155038000,371596000,216558000,66997000,101262000,17092000,None,149310000,None,-50486000,53168000,50486000,2403000,103626000,132179000,132179000,147151000,10277000,50514000,136874000,140290000,101262000,329816000,136874000
2021-09-30,280508000,362857000,82349000,69529000,137971000,12712000,None,12820000,None,-50019000,11998000,50019000,2237000,40091000,130564000,130564000,121431000,3041000,50019000,118390000,119190000,137971000,302014000,118390000
2021-06-30,275500000,350978000,75478000,63215000,93381000,12222000,None,12263000,None,-50971000,22371000,50971000,-14244000,26787000,128736000,128736000,66688000,1842000,67436000,64846000,65468000,93381000,246395000,64846000
2021-03-31,151522000,355125000,203603000,65151000,197381000,9812000,None,138414000,None,-51649000,14387000,51649000,-268000,31725000,128587000,128587000,168952000,508000,54166000,168444000,172783000,197381000,349188000,168444000
2020-12-31,138849000,362073000,223224000,66079000,111931000,23144000,None,156558000,12477000,-43809000,11800000,55609000,5448000,45222000,130127000,130127000,95640000,-105000,54672000,95745000,97816000,111931000,281376000,95745000
2020-09-30,289462000,370811000,81349000,68037000,128937000,13310000,None,13312000,1736000,-55430000,30981000,55430000,-16767000,5335000,130202000,130202000,73661000,0,74544000,73661000,75571000,128937000,259293000,73661000
2020-06-30,290388000,370497000,80109000,65142000,119736000,14952000,None,14967000,2468000,-54447000,11405000,54447000,-2679000,26423000,133609000,133609000,86094000,1636000,59474000,84458000,88416000,119736000,274150000,84458000
2020-03-31,182658000,392367000,209709000,64131000,130837000,13982000,None,145628000,2394000,-55147000,5221000,55147000,2938000,18381000,131559000,131559000,315006000,0,54826000,315006000,306226000,130837000,501712000,315006000
2019-12-31,141509000,375365000,388168000,62115000,116818000,15531000,None,145643000,11818000,-54688000,17005000,54688000,-1037989000,73097000,122908000,122908000,135182000,0,58114000,128818000,133958000,116818000,312778000,135182000
2019-09-30,306262000,366932000,11358000,62883000,124039000,11345000,None,11358000,5804000,-54896000,8685000,54896000,372407000,38014000,120809000,120809000,100792000,1457000,49421000,99335000,99299000,124039000,276497000,99335000
2019-06-30,294014000,361635000,13951000,58905000,124560000,13927000,None,13951000,5558000,-54112000,8347000,54112000,361967000,27613000,119465000,119465000,98061000,74882000,53780000,92275000,88100000,124560000,244025000,92275000
2019-03-31,169857000,356223000,134059000,58622000,115695000,13459000,None,134059000,5311000,-53643000,23061000,53643000,357559000,31873000,120568000,120568000,125505000,106056000,52307000,118858000,117083000,115695000,236263000,118858000
2018-12-31,350787000,497249000,137547000,106199000,149029000,16912000,None,137547000,4688000,-54157000,None,54157000,350787000,67886000,120597000,120597000,124440000,84526000,54157000,117820000,113151000,149029000,269626000,117820000
2018-09-30,285089000,295721000,10632000,105536000,113897000,10601000,None,10632000,4480000,-55196000,None,55196000,350917000,27425000,120852000,120852000,86110000,74935000,55196000,80975000,83865000,113897000,234749000,80975000
2018-06-30,337530000,348723000,11193000,101928000,138516000,11125000,None,11193000,4312000,-56278000,None,56278000,348723000,46416000,119330000,119330000,106410000,75069000,56278000,100440000,103711000,138516000,257846000,100440000
2018-03-31,156030000,347255000,191225000,57250000,110547000,14813000,None,133975000,4157000,-54861000,None,54861000,344947000,40983000,119105000,119105000,96639000,91086000,54861000,90918000,96889000,110547000,229652000,90918000
2017-12-31,684834000,740395000,-156231000,183588000,138798000,10659000,None,-366019000,3991000,-55561000,None,55561000,342417000,52848000,117988000,117988000,109662000,104676000,57357000,103613000,109799000,138798000,256786000,103613000
2017-09-30,436236000,630405000,194169000,184057000,112669000,9788000,None,10112000,3858000,-55938000,None,55938000,341974000,28304000,117451000,117451000,85035000,78439000,55938000,79723000,83432000,112669000,230120000,79723000
2017-06-30,427085000,339062000,191931000,181320000,112247000,10337000,None,10611000,3697000,-56812000,None,56812000,336766000,18201000,117939000,117939000,75795000,71784000,56812000,70759000,72377000,112247000,230186000,70759000
2017-03-31,334355000,335404000,305808000,179148000,109231000,10601000,None,126660000,3573000,-54583000,None,54583000,359342000,46421000,115503000,115503000,187551000,157967000,54583000,178964000,181103000,109231000,224734000,178964000
2016-12-31,653810000,653810000,-140951000,176210000,105520000,12224000,None,-331161000,3440000,-54927000,None,54927000,326905000,None,111835000,111835000,204648000,131000,55322000,195569000,203566000,105520000,217355000,195569000
2016-09-30,415166000,599345000,184179000,174248000,109412000,9647000,None,9931000,3314000,-56693000,None,56693000,326867000,17400000,110467000,110467000,70162000,70862000,56904000,65561000,68473000,109412000,219879000,65561000
2016-06-30,404408000,585584000,181176000,171211000,105873000,9698000,None,9965000,3701000,-55568000,None,55568000,319562000,26519000,109673000,109673000,76824000,71861000,55568000,72013000,73155000,105873000,215546000,72013000
2016-03-31,304677000,594172000,289495000,169778000,99995000,9182000,None,119717000,3756000,-52466000,None,52466000,332436000,43634000,109707000,109707000,91186000,4279000,52466000,77981000,79698000,99995000,209702000,81836000
2015-12-31,617292000,617292000,-164702000,180297000,92204000,8867000,None,-389899000,3377000,-56426000,None,56426000,308646000,None,116477000,-356307000,85762000,61494000,96554000,64388000,89284000,92204000,-264103000,80938000
2015-09-30,368749000,557095000,188346000,176836000,82689000,11129000,None,11510000,3235000,-50053000,None,50053000,302522000,14546000,116308000,116308000,47182000,60777000,50053000,47182000,43432000,82689000,198997000,43637000
2015-06-30,369594000,552113000,182519000,171131000,80966000,9549000,None,11388000,2921000,-50802000,None,50802000,306753000,20378000,113731000,113731000,50542000,71600000,38150000,50542000,47584000,80966000,194697000,46868000
2015-03-31,261118000,544030000,282912000,162525000,75315000,10545000,None,120387000,2856000,-47546000,None,47546000,308703000,None,106907000,106907000,64753000,77295000,26184000,64753000,61261000,75315000,182222000,60677000
2014-12-31,553556000,553556000,-30012000,167522000,63463000,12257000,None,-241134000,2770000,-47530000,None,47530000,276778000,None,106702000,-268562000,44805000,69673000,47798000,40495000,41445000,63463000,-205099000,41488000
2014-09-30,350668000,524139000,173471000,158084000,65138000,11479000,None,15387000,2590000,-45830000,None,45830000,299490000,39274000,102286000,102286000,58684000,54460000,45830000,53668000,57247000,65138000,167424000,54862000
2014-06-30,286944000,473913000,186969000,150385000,38354000,9558000,None,36584000,2027000,-42151000,None,42151000,256614000,None,101292000,101292000,8428000,53737000,42151000,4989000,5122000,38354000,139646000,2521000
2014-03-31,162723000,299552000,136829000,106748000,34561000,7075000,None,51618000,1938000,-26055000,2986000,29041000,163535000,21673000,50312000,50312000,26406000,39707000,29805000,21912000,27357000,34561000,84873000,23280000
2013-12-31,311972000,311972000,121299000,104091000,45150000,6676000,None,45230000,1892000,-17762000,12101000,29863000,155986000,4730000,49733000,-119522000,20020000,17223000,28022000,15903000,35359000,45150000,-74372000,33242000
2013-09-30,169783000,282482000,112699000,103619000,48899000,6075000,None,35445000,1888000,-26187000,3005000,29192000,152767000,43011000,48227000,131798000,63032000,59865000,26365000,56347000,70380000,48899000,180697000,70156000
2013-06-30,167544000,278273000,110729000,101503000,48089000,6224000,None,34527000,1399000,-26325000,3002000,29327000,151194000,10223000,47673000,3002000,29575000,36868000,25301000,24356000,31781000,48089000,51091000,26314000
2013-03-31,162770000,273795000,111025000,98539000,46565000,6626000,None,36194000,1377000,-25211000,None,25211000,147897000,10737000,46787000,5860000,29703000,32554000,25211000,24690000,27552000,46565000,52425000,26571000
2012-12-31,283256000,283256000,108590000,95797000,43695000,6867000,None,6798000,1319000,-15149000,10715000,25864000,141628000,None,44036000,5926000,49640000,207000,28212000,42403000,52349000,43695000,49621000,45161000
2012-09-30,145815000,246937000,101122000,92919000,42702000,5276000,None,34478000,1290000,-25064000,None,25064000,133859000,None,42897000,2927000,20222000,28834000,26275000,16057000,14055000,42702000,45629000,17587000
2012-06-30,138860000,236217000,97357000,88711000,40968000,5764000,None,34755000,1262000,-24659000,None,24659000,128315000,None,41801000,2882000,42490000,5633000,26109000,37078000,36096000,40968000,43850000,38446000
2012-03-31,135054000,228734000,93680000,85409000,39980000,5400000,None,32929000,1256000,-24658000,None,24658000,125474000,None,40734000,2871000,17204000,18230000,24658000,13307000,26296000,39980000,42851000,24090000
2011-12-31,256902000,256902000,92385000,82685000,36310000,6753000,None,-3200000,None,-14581000,10501000,25082000,126351000,None,38223000,2947000,14771000,-3410000,25425000,9069000,17770000,36310000,39257000,15304000
2011-09-30,124089000,215513000,91424000,82422000,34305000,6066000,None,31665000,None,-22096000,None,22096000,117551000,2491000,37881000,2936000,11965000,25769000,22663000,8323000,8735000,34305000,37241000,9054000
2011-06-30,209783000,210013000,230000,24000,32847000,6371000,None,23169000,None,-22710000,None,22710000,115525000,3101000,37250000,-6165000,10702000,19298000,22963000,5135000,16616000,32847000,26682000,13749000
2011-03-31,6893000,89111000,82218000,76103000,31151000,6115000,None,30777000,None,-24662000,None,21811000,111968000,6987000,36658000,-11841000,12507000,21221000,24662000,8016000,8393000,31151000,19310000,8961000
2010-12-31,214930000,214930000,85925000,74724000,24604000,7974000,None,39947000,None,-23542000,None,21671000,107465000,None,35153000,269000,50782000,30614000,23542000,3707000,-29925000,24604000,24873000,5320000
2010-09-30,6879000,82579000,75700000,69525000,27300000,6175000,None,23817000,None,-22202000,None,21025000,0,None,31531000,1177000,6920000,21535000,22202000,6224000,6920000,27300000,28477000,6920000
2010-06-30,7144000,79622000,72478000,66259000,27993000,6219000,None,27233000,None,-21004000,None,20161000,-10000,None,31156000,-4756000,10025000,17773000,21014000,9329000,10025000,27993000,23237000,10025000
2010-03-31,66985000,101184000,34199000,34199000,30880000,5618000,None,36105000,None,None,None,20836000,None,None,None,30487000,13669000,17170000,None,None,None,30880000,61367000,13669000
2009-12-31,64007000,100487000,36480000,36480000,27102000,23704000,None,35730000,None,None,None,17517000,None,None,None,30160000,53739000,30156000,None,None,None,27102000,60360000,6954000
2009-09-30,65681000,101847000,36166000,36166000,18552000,6086000,None,35981000,None,None,None,21966000,None,None,None,29895000,-1239000,30939000,None,None,None,18552000,70699000,-1239000
2009-06-30,69845000,103817000,33972000,33972000,35044000,5852000,None,56354000,None,None,None,21509000,None,None,None,28993000,12999000,650000,None,None,None,35044000,42484000,12999000
