fiscalDateEnding,grossProfit,totalRevenue,costOfRevenue,costofGoodsAndServicesSold,operatingIncome,sellingGeneralAndAdministrative,researchAndDevelopment,operatingExpenses,investmentIncomeNet,netInterestIncome,interestIncome,interestExpense,nonInterestIncome,otherNonOperatingIncome,depreciation,depreciationAndAmortization,incomeBeforeTax,incomeTaxExpense,interestAndDebtExpense,netIncomeFromContinuingOperations,comprehensiveIncomeNetOfTax,ebit,ebitda,netIncome
2024-03-31,861600000,1893700000,1507600000,1033500000,390200000,471400000,None,472600000,None,-2000000,1600000,2000000,1895700000,None,40200000,2700000,389800000,92100000,2000000,297700000,285800000,391800000,394500000,297700000
2023-12-31,799400000,1758300000,1407500000,959200000,353800000,445600000,None,447500000,None,-1900000,2300000,1900000,1760200000,None,40500000,2700000,354200000,87800000,1900000,266400000,283100000,356100000,358800000,266400000
2023-09-30,847600000,1845300000,1461800000,998300000,386700000,460900000,None,463200000,None,-2100000,800000,2100000,1847400000,None,42100000,2600000,385400000,89900000,2100000,295500000,280900000,387500000,390100000,295500000
2023-06-30,857500000,1880800000,1490900000,1025600000,394900000,462600000,None,466300000,None,-2900000,600000,2900000,1883700000,600000,42200000,2700000,392600000,94600000,2900000,298000000,301600000,395500000,398200000,298000000
2023-03-31,850000000,1855800000,1468600000,1009100000,393200000,456800000,None,457500000,None,-3900000,400000,3900000,1859700000,400000,41800000,2700000,389700000,94600000,3900000,295100000,299400000,393600000,396300000,295100000
2022-12-31,768400000,1690700000,1365300000,927200000,332900000,435500000,None,437100000,None,-5000000,300000,5000000,1695700000,300000,42100000,2600000,328200000,82600000,5000000,245600000,267900000,333200000,335800000,245600000
2022-09-30,826500000,1799400000,1425900000,975900000,379200000,447300000,None,447600000,None,-4100000,200000,4100000,1803500000,200000,41400000,2700000,375300000,90700000,4100000,284600000,251900000,379400000,382100000,284600000
2022-06-30,827600000,1777000000,1397900000,951000000,383400000,444200000,None,446400000,None,-2800000,100000,2800000,1779800000,100000,41200000,2700000,380700000,93600000,2800000,287100000,261100000,383500000,386200000,287100000
2022-03-31,793300000,1698200000,1348800000,910800000,358000000,435300000,None,441200000,None,-2400000,100000,2400000,1700600000,100000,41200000,2700000,355700000,86100000,2400000,269600000,271900000,358100000,360800000,269600000
2021-12-31,712900000,1529500000,1233700000,819000000,300900000,412000000,None,416400000,None,-2400000,None,2400000,1531900000,None,40900000,2700000,298500000,67300000,2400000,231200000,230100000,300900000,303600000,231200000
2021-09-30,720200000,1551800000,1235800000,834000000,318400000,401800000,None,401800000,None,-2400000,100000,2400000,1554200000,100000,40100000,2700000,316100000,72600000,2400000,243500000,232700000,318500000,321200000,243500000
2021-06-30,700700000,1505100000,1189900000,807000000,317800000,382900000,None,382900000,None,-2600000,None,2600000,1507700000,None,39600000,2700000,315200000,75500000,2600000,239700000,246500000,317800000,320500000,239700000
2021-03-31,643400000,1415200000,1139400000,773600000,280300000,363100000,None,365100000,None,-2400000,None,2400000,1417600000,None,39300000,2700000,277900000,67300000,2400000,210600000,206200000,280300000,283000000,210600000
2020-12-31,618800000,1358000000,1096600000,739200000,264400000,354400000,None,358800000,None,-2500000,300000,2500000,1358000000,300000,39300000,2700000,262200000,66100000,2500000,262200000,216700000,264700000,267400000,196100000
2020-09-30,640600000,1411700000,1124200000,772700000,290100000,350500000,None,350500000,None,-2600000,100000,2600000,1414300000,100000,38400000,2700000,287600000,66100000,2600000,221500000,232600000,290200000,292900000,221500000
2020-06-30,671600000,1506300000,1192700000,837400000,316000000,355600000,None,355600000,None,-2400000,100000,2400000,1508700000,100000,38000000,2700000,313700000,74800000,2400000,238900000,249400000,316100000,318800000,238900000
2020-03-31,636800000,1365200000,1097100000,730200000,271300000,365500000,None,368400000,None,-2200000,100000,2200000,1367400000,100000,37600000,1000000,269200000,66600000,2200000,202600000,177600000,271400000,272400000,202600000
2019-12-31,598400000,1276900000,1039500000,678500000,238900000,358700000,None,361200000,None,-2600000,100000,2600000,1276900000,100000,36800000,1100000,236400000,57700000,2600000,236400000,189300000,239000000,240100000,178700000
2019-09-30,651100000,1375500000,1097200000,728000000,281900000,369200000,None,369200000,None,-3600000,100000,3600000,1379100000,100000,36300000,1000000,278400000,64900000,3600000,213500000,203900000,282000000,283000000,213500000
2019-06-30,641200000,1365200000,1093900000,727200000,275000000,366700000,None,366200000,None,-3700000,100000,3700000,1368900000,100000,36100000,1000000,271400000,66800000,3700000,204600000,206300000,275100000,276100000,204600000
2019-03-31,624700000,1305600000,1049200000,684600000,261400000,363600000,None,366300000,None,-4000000,100000,4000000,1309600000,100000,35400000,1000000,257500000,63400000,4000000,194100000,197800000,261500000,262500000,194100000
2018-12-31,587800000,1231600000,999300000,643800000,233400000,354400000,None,358500000,None,-3700000,None,3700000,1231600000,100000,34800000,1100000,229800000,61000000,3700000,229800000,160700000,233500000,234600000,168800000
2018-09-30,615800000,1277100000,1017800000,664000000,262300000,353800000,None,353500000,None,-3000000,None,3000000,1280100000,100000,33800000,1000000,259400000,61800000,3000000,197600000,196800000,262400000,263400000,197600000
2018-06-30,617700000,2533200000,999500000,650200000,269000000,349300000,None,348700000,None,-3200000,None,3200000,1268500000,100000,33100000,1000000,265900000,54700000,3200000,211200000,198400000,269100000,270100000,211200000
2018-03-31,577600000,2368500000,951900000,608200000,234500000,342700000,None,345400000,None,-2700000,None,2700000,1185400000,100000,32400000,1000000,231900000,57600000,2700000,174300000,176300000,234600000,235600000,174300000
2017-12-31,531200000,1088500000,886100000,557300000,203300000,327800000,None,330900000,None,-2600000,None,2600000,1088500000,100000,31300000,1000000,200800000,48400000,2600000,200800000,155400000,203400000,204400000,152400000
2017-09-30,555900000,1130300000,904400000,576900000,228500000,327500000,None,327400000,None,-2600000,None,2600000,100000,100000,31500000,1000000,226000000,82900000,2600000,143100000,151300000,228600000,229600000,143100000
2017-06-30,558500000,1119900000,884600000,563000000,237500000,321600000,None,321000000,None,-2200000,None,2200000,600000,100000,30900000,1000000,235400000,86500000,2200000,148900000,157000000,237600000,238600000,148900000
2017-03-31,518000000,1046400000,836400000,529700000,212500000,305900000,None,308500000,None,-1700000,None,1700000,400000,100000,29900000,800000,210900000,76700000,1700000,134200000,137100000,212600000,213400000,134200000
2016-12-31,471900000,947947000,765811000,476000000,182500000,289600000,None,291459000,None,-1802000,-2000,1800000,220000,136000,29000000,132000,180800000,66000000,1802000,180822000,104600000,182600000,182732000,114800000
2016-09-30,499800000,1011469000,810335000,513300000,202900000,297100000,None,296865000,None,-1835000,-35000,1800000,182000,105000,26600000,132000,201200000,74300000,1835000,126925000,124000000,203000000,203132000,126900000
2016-06-30,501600000,1013039000,805314000,512700000,209200000,292600000,None,292383000,None,-1484000,16000,1500000,236000,92000,24600000,131000,207800000,76300000,1484000,131521000,130000000,209300000,209431000,131500000
2016-03-31,491500000,985191000,785533000,495200000,201200000,290200000,None,292489000,61000,-1383000,17000,1400000,-106000,61000,23300000,132000,199900000,73700000,1383000,126227000,139900000,201300000,201432000,126200000
2015-12-31,460572000,922793000,744534000,462268000,179188000,282091000,None,283562000,74000,-1012000,-8000,1004000,752000,74000,25600000,132000,178246000,66342000,1012000,178205000,105738000,179250000,179382000,111904000
2015-09-30,502225000,994470000,775403000,493025000,220009000,282378000,None,282216000,137000,-942000,None,942000,162000,137000,21205000,132000,219204000,82710000,942000,136494000,119760000,220146000,220278000,136494000
2015-06-30,502087000,997420000,772384000,495740000,225833000,276644000,None,276254000,63000,-797000,None,797000,390000,63000,19883000,131000,225099000,84742000,797000,140357000,144146000,225896000,226027000,140357000
2015-03-31,484050000,953067000,749786000,469267000,203771000,280387000,None,283294000,99000,-358000,None,358000,108000,99000,19412000,132000,203512000,75906000,358000,127606000,108156000,203870000,204002000,127606000
2014-12-31,467564000,926254000,737607000,458690000,189021000,278785000,None,281726000,122000,-324000,None,324000,242000,122000,18669000,132000,188819000,70428000,324000,188819000,110675000,189143000,189275000,118391000
2014-09-30,498693000,980853000,768253000,482121000,212871000,286132000,None,285822000,388000,-271000,None,271000,310000,388000,18286000,132000,212988000,79674000,271000,133314000,121542000,213259000,213391000,133314000
2014-06-30,482667000,949940000,743287000,467271000,206847000,276016000,None,276014000,129000,-194000,None,194000,196000,129000,17909000,131000,206782000,76268000,194000,130514000,135900000,206976000,207107000,130514000
2014-03-31,448478000,876591000,697998000,428023000,178851000,269843000,None,272681000,120000,-126000,None,126000,216000,120000,17281000,132000,178845000,66914000,126000,111931000,107096000,178971000,179103000,111931000
2013-12-31,411449000,813760000,656831000,402311000,157135000,254389000,None,389221000,191000,-52000,None,52000,75000,191000,16558000,131000,157274000,58045000,52000,157274000,95577000,157326000,157457000,99229000
2013-09-30,443395000,858511000,669986000,415029000,188550000,254957000,None,254870000,118000,-25000,None,25000,112000,118000,16243000,132000,188643000,69293000,25000,119350000,123022000,188668000,188800000,119350000
2013-06-30,442721000,847836000,655625000,404875000,192214000,250750000,None,250510000,168000,-3000,None,3000,243000,168000,15817000,132000,192379000,71370000,3000,121009000,117741000,192382000,192514000,121009000
2013-03-31,421880000,806505000,631806000,384446000,174759000,247334000,None,249226000,447000,-34000,None,34000,213000,447000,15152000,26000,175172000,66124000,34000,109048000,105039000,175206000,175232000,109048000
2012-12-31,390821000,757235000,599476000,366414000,158044000,232914000,None,360990000,107000,0,None,0,137000,107000,14306000,148000,158151000,59435000,0,158151000,98077000,158151000,158299000,98716000
2012-09-30,414375000,802735000,627016000,388202000,175719000,238814000,None,238656000,117000,0,None,0,158000,117000,13441000,148000,175836000,66516000,0,109320000,113974000,175836000,175984000,109320000
2012-06-30,415151000,805172000,626277000,389739000,178895000,236538000,None,236256000,144000,0,None,0,282000,144000,13297000,149000,179039000,66733000,0,112306000,108889000,179039000,179188000,112306000
2012-03-31,394177000,768701000,607816000,374698000,161033000,232970000,None,235621000,96000,0,None,0,-174000,96000,12415000,148000,161129000,60935000,0,100194000,103157000,161129000,161277000,100194000
2011-12-31,357178000,697804000,557326000,340626000,140615000,216552000,None,339011000,154000,None,None,None,-11000,154000,11672000,148000,140770000,53298000,None,140769000,86990000,140615000,140763000,87472000
2011-09-30,377381000,726843000,571618000,349361000,155225000,222257000,None,222156000,94000,None,None,None,101000,94000,11078000,148000,155319000,58521000,None,96798000,91779000,155225000,155373000,96798000
2011-06-30,366233000,701471000,551365000,335497000,150106000,215868000,None,216127000,76000,None,None,None,-259000,76000,10882000,149000,150182000,56070000,None,94112000,94501000,150106000,150255000,94112000
2011-03-31,333380000,640725000,512043000,307203000,128663000,204692000,None,207107000,148000,None,None,None,-25000,148000,10481000,148000,128811000,49264000,None,79547000,80954000,128663000,128811000,79547000
2010-12-31,298617000,573766000,466945000,275149000,106906000,191779000,None,308844000,238000,None,None,None,68000,237000,10256000,17000,107144000,41983000,None,107144000,70258000,106906000,106923000,65161000
2010-09-30,312648000,603750000,483242000,291102000,120510000,192140000,None,192140000,192000,None,None,None,2000,192000,10028000,16000,120702000,45708000,None,74994000,74994000,120510000,120526000,74994000
2010-06-30,297658000,571183000,459308000,273525000,111836000,185783000,None,185783000,289000,None,None,None,-39000,289000,10117000,17000,112125000,42958000,None,69167000,69167000,111836000,111853000,69167000
2010-03-31,265913000,520772000,430286000,254859000,90436000,175410000,None,177051000,233000,None,None,None,-67000,233000,10287000,17000,90669000,34635000,None,56034000,56034000,90436000,90453000,56034000
2009-12-31,237715000,476750000,405673000,239035000,71034000,166621000,None,168747000,385000,None,None,None,None,None,9873000,17000,71419000,26883000,None,71419000,52960000,71034000,71051000,44536000
2009-09-30,244567000,489339000,412891000,244772000,76410000,168119000,None,168119000,592000,None,None,None,None,592000,9784000,-20347000,77002000,29413000,None,47589000,47589000,76410000,56063000,47589000
2009-06-30,242505000,474894000,404532000,232389000,69938000,172143000,None,172143000,464000,None,None,None,None,464000,10063000,10080000,70402000,26864000,None,87076000,43538000,69938000,70362000,43538000
2009-03-31,258648000,489347000,230699000,230699000,78411000,179909000,None,179909000,None,None,None,None,None,None,10300000,10317000,78667000,29973000,None,None,None,78411000,89384000,48694000
2008-12-31,291190000,544959000,253769000,253769000,99305000,191917000,None,191718000,None,None,None,None,None,None,10048000,9998000,99600000,37064000,None,None,None,99305000,109438000,62536000
2008-09-30,330883000,625037000,294154000,294154000,117619000,213310000,None,213264000,None,None,None,None,None,None,9857000,9873000,117786000,44877000,None,None,None,117619000,127446000,72909000
2008-06-30,317389000,604219000,286830000,286830000,123349000,193899000,None,194040000,None,None,None,None,None,None,None,9789000,123596000,47430000,None,None,None,123349000,133279000,76166000
