fiscalDateEnding,grossProfit,totalRevenue,costOfRevenue,costofGoodsAndServicesSold,operatingIncome,sellingGeneralAndAdministrative,researchAndDevelopment,operatingExpenses,investmentIncomeNet,netInterestIncome,interestIncome,interestExpense,nonInterestIncome,otherNonOperatingIncome,depreciation,depreciationAndAmortization,incomeBeforeTax,incomeTaxExpense,interestAndDebtExpense,netIncomeFromContinuingOperations,comprehensiveIncomeNetOfTax,ebit,ebitda,netIncome
2023-12-31,1393718000,7704531000,6727814000,6310813000,1393718000,355001000,None,417001000,89518000,-59238000,None,59238000,7704531000,None,249432000,62000000,990676000,205277000,59238000,1393718000,772154000,1049914000,1111914000,785399000
2023-09-30,1920800000,8775734000,6854934000,6854934000,1032264000,385768000,None,444268000,77361000,-63228000,13050000,63228000,8775734000,None,232317000,58500000,1468333000,326827000,63228000,1221255000,1121651000,1531561000,1590061000,1141506000
2023-06-30,2501674000,9523256000,7021582000,7021582000,1478098000,453388000,None,511788000,56208000,-60806000,1496000,60806000,9523256000,None,227747000,58400000,1924061000,462707000,60806000,1587075000,1497740000,1984867000,2043267000,1461354000
2023-03-31,1998202000,8709980000,6711778000,6711778000,1998202000,389895000,None,389895000,None,-10183000,11523000,62682000,8709980000,-1340000,221089000,279858000,1501697000,365155000,None,1998202000,1108701000,1564379000,1623179000,1136542000
2022-12-31,2097487000,8723956000,7119692000,6626469000,2097487000,422823000,None,493223000,29781000,-56752000,39503000,56752000,8723956000,-12532000,216759000,70400000,1462893000,207160000,56752000,2097487000,1221769000,1519645000,1590045000,1255733000
2022-09-30,2843391000,10500755000,7657364000,7657364000,2843391000,486560000,None,563760000,12222000,-54569000,33909000,54569000,10500755000,8438000,212663000,77200000,2218627000,523879000,54569000,2843391000,1662005000,2273196000,2350396000,1694748000
2022-06-30,4104263000,11794474000,7690211000,7690211000,4104263000,563211000,None,609111000,5751000,-63514000,5751000,63514000,11794474000,7113000,201792000,45900000,3324398000,763165000,63514000,4104263000,2534927000,3387912000,3433812000,2561233000
2022-03-31,3458139000,10493282000,7035143000,7035143000,3458139000,524584000,None,565984000,941000,-44076000,941000,44076000,10493282000,7695000,195478000,41400000,2766623000,671000000,44076000,3458139000,2166401000,2810699000,2852099000,2095623000
2021-12-31,3523201000,10364412000,7395781000,6841211000,3523201000,502070000,None,554570000,437000,-40582000,2183000,40582000,10364412000,37962000,188787000,52500000,2918043000,667625000,40582000,3523201000,2221037000,2958625000,3011125000,2250418000
2021-09-30,3406273000,10313223000,6906950000,6906950000,3406273000,526345000,None,561145000,623000,-43908000,10821000,43908000,10313223000,32464000,184127000,34800000,2773585000,645842000,43908000,3406273000,2115571000,2817493000,2852293000,2127743000
2021-06-30,2473503000,8789164000,6315661000,6315661000,2473503000,387070000,None,407870000,1881000,-37661000,1881000,37661000,8789164000,19403000,182672000,20800000,1961157000,454289000,37661000,2473503000,1536699000,1998818000,2019618000,1506868000
2021-03-31,1622437000,7017140000,5394703000,5394703000,1622437000,291124000,None,312224000,1326000,-40970000,1326000,40970000,7017140000,13239000,179820000,21100000,1253164000,310732000,40970000,1622437000,957733000,1294134000,1315234000,942432000
2020-12-31,718528000,5260055000,4716146000,4541527000,718528000,154119000,None,174619000,1545000,-37887000,32453000,37887000,5260055000,-10189000,176422000,20500000,190743000,-208100000,37887000,718528000,595451000,228630000,249130000,398843000
2020-09-30,502195000,4927960000,4425765000,4425765000,502195000,165513000,None,186213000,2142000,-42281000,39660000,42281000,4927960000,479000,175997000,20700000,261203000,67788000,42281000,502195000,218782000,303484000,324184000,193415000
2020-06-30,377959000,4327306000,3949347000,3949347000,377959000,142017000,None,162717000,3042000,-38849000,91618000,38849000,4327306000,None,173924000,20700000,156785000,47904000,38849000,377959000,135672000,195634000,216334000,108881000
2020-03-31,629268000,5624337000,4995069000,4995069000,629268000,153392000,None,174892000,6686000,-47596000,6686000,47596000,5624337000,-823000,175767000,21500000,112249000,91918000,47596000,629268000,-44330000,159845000,181345000,20331000
2019-12-31,435188000,5131746000,4946702000,4696558000,435188000,162228000,None,250144000,8956000,-37622000,8956000,37622000,5131746000,852000,170954000,21000000,151800000,43977000,37622000,435188000,118624000,189422000,210422000,107823000
2019-09-30,572511000,5464502000,4891991000,4891991000,209909000,159301000,None,181301000,9435000,-40721000,9435000,40721000,5464502000,-1585000,155978000,22000000,361783000,86752000,40721000,293587000,259025000,402504000,424504000,275031000
2019-06-30,775494000,5895986000,5120492000,5120492000,315134000,208980000,None,230180000,8923000,-41953000,8923000,41953000,5895986000,1138000,163808000,21200000,508828000,122345000,41953000,412277000,397510000,550781000,571981000,386483000
2019-03-31,895892000,6096624000,5200732000,5200732000,491414000,180739000,None,202239000,8619000,-37062000,8619000,37062000,6096624000,2906000,158171000,21500000,660629000,158823000,37062000,530793000,495266000,697691000,719191000,501806000
2018-12-31,1112262000,6295884000,5183622000,5183622000,1112262000,209300000,None,231400000,9179000,-40948000,None,40948000,6295884000,6083000,156549000,22100000,842985000,196206000,40948000,1112262000,617253000,883933000,906033000,646779000
2018-09-30,1290150000,6742202000,5452052000,5452052000,557788000,234081000,None,366181000,7588000,-44789000,None,44789000,6742202000,13634000,157928000,22100000,892871000,216215000,44789000,706287000,698081000,937660000,959760000,676656000
2018-06-30,1166590000,6460774000,5294184000,5294184000,653628000,234381000,None,256481000,5890000,-35341000,None,35341000,6460774000,10943000,157737000,22100000,883239000,200086000,35341000,713615000,636487000,918580000,940680000,683153000
2018-03-31,726406000,5568419000,4842013000,4842013000,315486000,182960000,None,205460000,3064000,-40178000,None,40178000,5568419000,9580000,158665000,22500000,489979000,135800000,40178000,380112000,359494000,530157000,552657000,354179000
2017-12-31,520568000,5092328000,4762662000,4571760000,520568000,168102000,None,190902000,3711000,-45796000,None,45796000,5092328000,11860000,161011000,22800000,311038000,-72853000,45796000,520568000,347066000,356834000,379634000,383891000
2017-09-30,578964000,5122496000,4786945000,4591153000,139759000,172792000,None,195792000,4311000,-47621000,None,47621000,5170117000,7743000,156544000,23000000,359350000,104500000,47621000,266105000,329929000,406971000,429971000,254850000
2017-06-30,709625000,5174769000,4658355000,4465144000,709625000,170211000,None,193211000,2985000,-47565000,None,47565000,5174769000,13302000,159753000,23000000,489460000,166412000,47565000,709625000,347105000,537025000,560025000,323048000
2017-03-31,760250000,4815179000,4253755000,4054929000,760250000,176426000,None,198826000,2695000,-46300000,None,46300000,4815179000,8756000,158525000,22400000,528226000,171327000,46300000,760250000,357750000,574526000,596926000,356899000
2016-12-31,443426000,3956538000,3688994000,3513112000,443426000,156082000,None,175882000,2980000,-43809000,None,43809000,None,8525000,154083000,19800000,239494000,79855000,43809000,443426000,130380000,283303000,303103000,159639000
2016-09-30,682236000,4290236000,3795723000,3608000000,682236000,169223000,None,187723000,3510000,-46519000,None,46519000,None,14168000,153021000,18500000,458254000,152807000,46519000,682236000,298241000,504773000,523273000,305447000
2016-06-30,585260000,4245772000,3839723000,3660512000,585260000,161711000,None,179211000,2993000,-43477000,None,43477000,None,6819000,153839000,17500000,362135000,118515000,43477000,585260000,258407000,405612000,423112000,243620000
2016-03-31,314985000,3715576000,3528436000,3400591000,314985000,109745000,None,127845000,2452000,-47374000,None,47374000,None,9245000,152249000,18100000,134631000,47066000,47374000,314985000,142762000,182005000,200105000,87565000
2015-12-31,168095000,3456713000,3173972000,3073875000,382838000,81497000,None,100097000,1332000,-42919000,None,42919000,None,4779000,156518000,18600000,-316811000,-129330000,42919000,382838000,-388408000,-273892000,-255292000,-187481000
2015-09-30,383207000,4225514000,3844817000,3701678000,523836000,124339000,None,143139000,1065000,-46406000,None,46406000,None,115000,154718000,18800000,228895000,86535000,46406000,523836000,161923000,275301000,294101000,142360000
2015-06-30,291552000,4357609000,4118095000,3971303000,386306000,128592000,None,146792000,964000,-43150000,None,43150000,None,694000,156587000,18200000,124491000,56878000,43150000,386306000,152550000,167641000,185841000,67613000
2015-03-31,271036000,4399440000,4254419000,4111158000,288282000,124561000,None,143261000,651000,-45068000,None,45068000,None,-259000,157934000,18700000,92985000,34753000,45068000,288282000,-50995000,138053000,156753000,58232000
2014-12-31,513871000,5003753000,4635529000,4489882000,513871000,101954000,None,145647000,972000,-39747000,None,39747000,None,3477000,165316000,18300000,296632000,86205000,39747000,513871000,115451000,336379000,354679000,210427000
2014-09-30,599586000,5701869000,5272787000,5102283000,599586000,152604000,None,170504000,1275000,-46624000,None,46624000,None,2352000,160255000,17900000,375231000,129784000,46624000,599586000,164058000,421855000,439755000,245447000
2014-07-05,415867000,5291075000,5025821000,4875208000,415867000,132813000,None,150613000,1487000,-45878000,None,45878000,None,3202000,164949000,17800000,221971000,74930000,45878000,415867000,178886000,267849000,285649000,147041000
2014-04-05,377202000,5108444000,4883076000,4731242000,377202000,133434000,None,151834000,1152000,-41893000,None,41893000,None,4474000,161480000,18400000,188836000,77805000,41893000,377202000,66154000,230729000,249129000,111031000
2013-12-31,385741000,4894750000,4644712000,4509009000,385741000,103403000,None,174711000,1299000,-39008000,None,39008000,None,6632000,145357000,18300000,217339000,46845000,39008000,385741000,157029000,256347000,274647000,170494000
2013-09-30,408543000,4902315000,4676019000,4532393000,82670000,125126000,None,182247000,1154000,-38621000,None,38621000,None,2252000,132105000,18500000,217684000,70087000,38621000,178115000,179476000,256305000,274805000,147597000
2013-06-30,313125000,4624912000,4494213000,4352463000,-11051000,123150000,None,182426000,1448000,-40676000,None,40676000,None,1585000,127965000,18600000,131207000,46062000,40676000,106270000,69563000,171883000,190483000,85145000
2013-03-31,303216000,4517092000,4382781000,4247556000,-914000,116225000,None,168905000,1189000,-33680000,None,33680000,None,-1172000,130425000,19000000,127389000,42600000,33680000,110728000,34276000,161069000,180069000,84789000
2012-12-31,384348000,4451274000,4207287000,4066926000,384348000,120861000,None,181610000,-20354000,-41249000,None,41249000,0,-4230000,139320000,19500000,196563000,59655000,41249000,384348000,142644000,237812000,257312000,136908000
2012-09-30,348733000,4775852000,4587265000,4452473000,53795000,114392000,None,160146000,2649000,-42954000,None,42954000,17600000,-2261000,133722000,20400000,172191000,61883000,42954000,129892000,181972000,215145000,235545000,110308000
2012-06-30,399930000,5059881000,4863297000,4704269000,37556000,112528000,None,203346000,3267000,-44318000,None,44318000,None,-158000,129630000,16500000,188925000,76626000,44318000,139567000,67455000,233243000,249743000,112299000
2012-03-31,380527000,5027612000,4815786000,4692067000,88107000,107119000,None,168701000,3310000,-44982000,None,44982000,None,-6674000,131338000,16600000,206754000,61650000,44982000,163412000,207774000,251736000,268336000,145104000
2011-12-31,350105000,4829677000,4585718000,4412395000,368109000,90046000,None,215859000,2385000,-42536000,None,42536000,None,4147000,130724000,16100000,202938000,65882000,42536000,368109000,120478000,245474000,261574000,137056000
2011-09-30,458130000,5252144000,4933489000,4794014000,475861000,108532000,None,183959000,4291000,-44484000,None,44484000,None,-11247000,135788000,17000000,265622000,84104000,44484000,475861000,99497000,310106000,327106000,181518000
2011-06-30,649450000,5107809000,4605905000,4458359000,666218000,130246000,None,193705000,2975000,-43184000,2975000,46159000,None,1267000,128830000,17300000,455482000,155709000,46159000,666218000,315877000,501641000,518941000,299773000
2011-03-31,423735000,4833934000,4538303000,4410199000,438409000,110704000,None,173737000,3067000,-42566000,3067000,45633000,None,-4210000,127229000,17400000,244974000,85133000,45633000,438409000,231935000,290607000,308007000,159841000
2010-12-31,132543000,3853750000,3840452000,3721207000,132543000,42225000,None,165362000,3120000,-40297000,3120000,43417000,None,-601000,127040000,17100000,-30746000,-19387000,43417000,132543000,-1779000,12671000,29771000,-11359000
2010-09-30,190290000,4140069000,4056145000,3949779000,190290000,88866000,None,145984000,1932000,-37686000,1932000,39618000,None,-5732000,129845000,17500000,31477000,7982000,39618000,190290000,84485000,71095000,88595000,23495000
2010-06-30,308037000,4195966000,4013399000,3887929000,308037000,107770000,None,164240000,None,-37322000,1448000,38770000,None,-7372000,127379000,17700000,140347000,49355000,38770000,308037000,51253000,179117000,196817000,90992000
2010-03-31,212795000,3654842000,3552841000,3442047000,212795000,92594000,None,150129000,None,-37788000,1547000,39335000,None,-18377000,127883000,18200000,53806000,22842000,39335000,212795000,13413000,93141000,111341000,30964000
2009-12-31,221120000,2937944000,2745219000,2716824000,221120000,82495000,None,-83932000,None,-35705000,1890000,37595000,None,None,126069000,18300000,62490000,3583000,37595000,221120000,58907000,100085000,118385000,58907000
2009-09-30,119154000,3085280000,3115231000,3000851000,-144331000,96280000,None,151548000,None,-34725000,2443000,37168000,None,None,125491000,18100000,-45711000,-16173000,37168000,-137791000,58368000,-8543000,9557000,-29538000
2009-06-30,-61876000,2446071000,2642928000,2539904000,-299881000,85124000,None,67547000,None,-31957000,-67434000,-35477000,None,None,122776000,17900000,-206326000,-72989000,-35477000,-248693000,-35485000,-241803000,-223903000,-133337000
2009-03-31,-124005000,2654319000,2778324000,2778324000,-249381000,87379000,None,125376000,None,-32365000,None,39682000,None,None,119699000,137841000,-280866000,-91221000,None,None,None,-242064000,-104223000,-189645000
2008-12-31,480307000,4150936000,3670629000,3670629000,334964000,108423000,None,145343000,None,-22374000,None,33486000,None,None,125193000,143560000,149406000,43514000,None,None,None,-40069000,103491000,105892000
2008-09-30,1457113000,7447520000,5990407000,5990407000,1241358000,215755000,None,215755000,None,-23030000,None,23030000,None,None,123059000,142049000,1142115000,407525000,None,None,None,1241358000,1383407000,734590000
2008-06-30,1210944000,7090599000,5879655000,5879655000,990772000,220172000,None,220172000,None,-26734000,None,26734000,None,None,None,140225000,876102000,295348000,None,None,None,990772000,1130997000,580754000
