fiscalDateEnding,grossProfit,totalRevenue,costOfRevenue,costofGoodsAndServicesSold,operatingIncome,sellingGeneralAndAdministrative,researchAndDevelopment,operatingExpenses,investmentIncomeNet,netInterestIncome,interestIncome,interestExpense,nonInterestIncome,otherNonOperatingIncome,depreciation,depreciationAndAmortization,incomeBeforeTax,incomeTaxExpense,interestAndDebtExpense,netIncomeFromContinuingOperations,comprehensiveIncomeNetOfTax,ebit,ebitda,netIncome
2023-12-31,366100000,867200000,809000000,618500000,167000000,175600000,23500000,215600000,None,-26600000,None,26600000,984600000,-6400000,15200000,13800000,133900000,-74100000,None,208100000,205700000,167000000,180800000,208000000
2023-09-30,371800000,1008800000,637000000,637000000,180100000,166200000,25500000,194400000,None,-27500000,27500000,27500000,1008800000,300000,14900000,13800000,152900000,20800000,None,132100000,126600000,180100000,193900000,132100000
2023-06-30,399500000,1082500000,683000000,683000000,208500000,165100000,25900000,191800000,None,-31800000,31800000,31800000,1082500000,4800000,14700000,13900000,180200000,27300000,None,154200000,150400000,208500000,222400000,152900000
2023-03-31,381800000,1028600000,646800000,646800000,183600000,173300000,24900000,219300000,None,-32400000,32400000,32400000,1028600000,-700000,14700000,13800000,151700000,22000000,None,128500000,134600000,183600000,197400000,129700000
2022-12-31,324800000,942200000,957400000,678100000,111600000,190100000,23100000,303400000,None,-27600000,-27600000,0,1002900000,17400000,14200000,21100000,100100000,5100000,0,96300000,99600000,111600000,121200000,95000000
2022-09-30,348100000,1055100000,707000000,707000000,147100000,177300000,23700000,230200000,None,-19300000,-18000000,1300000,1055300000,-300000,13400000,18500000,127700000,12300000,1300000,115400000,101900000,147100000,147500000,115400000
2022-06-30,359500000,1064200000,704700000,704700000,190800000,145600000,23100000,176000000,None,-9200000,-4100000,5100000,1064200000,-100000,13500000,6300000,181400000,28500000,5100000,153000000,137500000,190800000,192800000,152900000
2022-03-31,332200000,999600000,667400000,667400000,145800000,164100000,22300000,197400000,None,-5700000,-3100000,2600000,999600000,-100000,13000000,6600000,139100000,21500000,2600000,118500000,116800000,145800000,148300000,117600000
2021-12-31,328200000,978500000,812600000,660400000,150700000,156000000,21500000,173700000,None,-1000000,1000000,1000000,988600000,2000000,12900000,6900000,151800000,3100000,None,148600000,148400000,150700000,157600000,148700000
2021-09-30,334800000,969200000,634400000,634400000,167300000,145600000,21900000,170100000,None,-2600000,2600000,2600000,970600000,-300000,12800000,6000000,165700000,22100000,None,143700000,136700000,167300000,173300000,143600000
2021-06-30,341000000,941100000,600100000,600100000,161800000,158200000,21000000,185300000,None,-3800000,3800000,3800000,941100000,-300000,12800000,6300000,157200000,25100000,None,132600000,136400000,161800000,168100000,132100000
2021-03-31,315200000,865900000,550700000,550700000,157100000,136600000,21500000,159300000,None,-5100000,5100000,5100000,865900000,-400000,12700000,7100000,149100000,20500000,None,131100000,124900000,157100000,164200000,128600000
2020-12-31,283500000,796000000,662900000,512500000,121500000,141900000,20100000,169400000,None,-3900000,3900000,3900000,796000000,-6900000,12300000,19200000,113900000,10900000,None,99800000,108000000,121500000,114600000,103000000
2020-09-30,277400000,798500000,521100000,521100000,128100000,130000000,19300000,151100000,None,-5400000,5400000,5400000,798500000,2500000,11600000,18500000,125200000,14400000,None,110800000,113300000,128100000,149100000,110800000
2020-06-30,245100000,713300000,468200000,468200000,111100000,116700000,17300000,142200000,None,-7700000,7700000,7700000,713200000,300000,11200000,7000000,101900000,29800000,None,73800000,82500000,111100000,118100000,72100000
2020-03-31,251600000,710000000,458400000,458400000,100700000,131900000,19000000,160100000,None,-6900000,6900000,6900000,710000000,-1200000,11600000,7600000,92600000,19900000,None,72700000,74000000,100700000,108300000,72700000
2019-12-31,274200000,755200000,481000000,481000000,122300000,134200000,17700000,136600000,None,-6500000,6500000,6500000,755200000,-8800000,11900000,19500000,100800000,3000000,30100000,102900000,105400000,122300000,113500000,97800000
2019-09-30,255000000,713600000,458600000,458600000,108800000,126400000,19800000,156800000,None,-6900000,6900000,6900000,713500000,-600000,12000000,7600000,102200000,9900000,0,91300000,88400000,108800000,116400000,92300000
2019-06-30,286700000,799500000,512800000,512800000,133800000,132200000,20700000,162600000,None,-9400000,9400000,9400000,799400000,12900000,12400000,8300000,136400000,22100000,0,115100000,110000000,133800000,142100000,114300000
2019-03-31,235600000,688900000,453300000,453300000,67600000,147300000,20700000,189100000,None,-7300000,None,7300000,692400000,-600000,12000000,8200000,62100000,10800000,0,52400000,54000000,67600000,75800000,51300000
2018-12-31,268000000,740500000,472500000,472500000,113000000,135300000,19700000,147400000,None,-4700000,None,4700000,739600000,-900000,12800000,20700000,104500000,11600000,32600000,94200000,85300000,113000000,111400000,92900000
2018-09-30,243800000,711400000,467600000,467600000,108400000,116300000,19100000,147700000,None,-4300000,None,4300000,711200000,-200000,12000000,8600000,120700000,10600000,0,91200000,107000000,108400000,126900000,110100000
2018-06-30,282600000,780600000,498000000,498000000,122600000,140900000,19100000,195000000,None,-10100000,None,10100000,762600000,-900000,12300000,9100000,62300000,20800000,17100000,77900000,68400000,122600000,126800000,41500000
2018-03-31,253300000,732600000,479300000,479300000,92700000,141800000,18800000,350500000,None,-13500000,None,13800000,1264400000,-5300000,12600000,24700000,118000000,15100000,0,58400000,101500000,92700000,197100000,102900000
2017-12-31,253700000,720800000,467100000,467100000,85400000,149800000,18500000,310200000,None,-13100000,None,13100000,-400000,-5100000,12400000,45800000,196200000,6600000,97200000,55900000,182000000,85400000,137800000,189600000
2017-09-30,236500000,687600000,451100000,451100000,101800000,116800000,17900000,296400000,None,-13900000,None,13900000,-3800000,300000,13100000,24600000,159600000,34100000,0,48900000,156900000,101800000,239000000,125500000
2017-06-30,273600000,754000000,480400000,782100000,129200000,126700000,17700000,307800000,None,-25300000,None,25300000,-101400000,400000,3900000,24600000,268700000,5000000,101400000,-3400000,655400000,129200000,258400000,263700000
2017-03-31,223700000,683300000,459600000,761200000,61900000,251700000,30000000,328800000,None,-35000000,None,35000000,1183500000,200000,21400000,24000000,110600000,22900000,0,80700000,165100000,61900000,184000000,87700000
2016-12-31,440100000,1188100000,13300000,-526400000,161800000,-196800000,-13600000,13300000,None,-34200000,None,34200000,-3900000,-7000000,-11300000,44100000,80000000,-51000000,148400000,-163800000,11200000,161800000,163400000,131000000
2016-09-30,440900000,1176400000,1029600000,769800000,182800000,228400000,29700000,289500000,None,-34300000,None,34300000,0,1200000,20800000,24100000,173200000,32200000,0,117500000,171100000,182800000,184000000,141000000
2016-06-30,481800000,1697800000,1546900000,1134100000,203400000,249700000,28700000,446700000,None,-35400000,None,35500000,0,1000000,22600000,37600000,179200000,36400000,0,132700000,127900000,203400000,290300000,142800000
2016-03-31,431300000,1539100000,1410000000,1040100000,152700000,250100000,28500000,400800000,None,-36200000,None,36400000,0,900000,20900000,37600000,132500000,25100000,0,91800000,120700000,152700000,242600000,107400000
2015-12-31,432500000,1760700000,2227900000,1191400000,171700000,234400000,26400000,1078300000,None,-35200000,60600000,95800000,-3200000,3600000,21400000,37600000,-423000000,30300000,97900000,104000000,-478000000,171700000,163600000,-453300000
2015-09-30,394700000,1520800000,1395600000,1012000000,152900000,217000000,24800000,413500000,None,-30900000,None,31300000,0,900000,-7000000,62800000,142700000,27500000,None,94700000,28700000,152900000,243700000,115200000
2015-06-30,415300000,1642600000,1466400000,1095000000,170800000,319300000,29000000,400400000,None,-18600000,None,18600000,0,600000,34400000,62400000,193800000,46000000,None,153900000,168600000,170800000,280900000,147800000
2015-03-31,356300000,1458000000,1301600000,964800000,120700000,309200000,29800000,365400000,None,-18200000,None,18200000,1200000,500000,32400000,60000000,149200000,35300000,None,118200000,-60400000,120700000,231700000,113900000
2014-12-31,627900000,1802500000,1660800000,1174600000,176000000,-85400000,8200000,512800000,None,-17500000,None,17500000,2500000,11800000,-24200000,28100000,86800000,-34000000,None,-120600000,-26800000,176000000,189300000,120800000
2014-09-30,624700000,1741300000,1491000000,1133700000,267400000,328800000,28500000,385800000,None,-17100000,None,17100000,0,300000,34600000,57500000,-127900000,58100000,None,192500000,-364000000,267400000,325200000,-186000000
2014-06-30,646300000,1893100000,1718900000,1251900000,226400000,389700000,30200000,498100000,None,-17900000,None,17500000,-200000,200000,34500000,65600000,210900000,49400000,None,159200000,178100000,226400000,293700000,161500000
2014-03-31,564100000,1701100000,1567900000,1146900000,182100000,352500000,29500000,459400000,None,-16100000,None,15700000,-8400000,-7600000,34800000,66700000,159400000,40800000,None,125500000,90900000,182100000,247000000,118600000
2013-12-31,630500000,1916700000,11000000,1272600000,241300000,350200000,28000000,11000000,None,-15300000,None,16500000,3500000,10600000,32400000,27700000,222300000,64100000,None,162900000,156300000,241300000,307300000,158200000
2013-09-30,614700000,1807700000,1586100000,1187200000,230000000,353400000,31300000,430300000,None,-17500000,None,17200000,100000,600000,35200000,69400000,219500000,46700000,None,165000000,260100000,230000000,240500000,172800000
2013-06-30,627400000,1945300000,1771300000,1296300000,204900000,409400000,32100000,507100000,None,-18400000,None,18400000,-1500000,900000,35600000,74400000,207100000,53000000,None,138600000,112000000,204900000,301200000,154100000
2013-03-31,497500000,1774000000,1688000000,1250000000,66400000,416000000,33500000,455000000,None,-17000000,None,17000000,17000000,17000000,38100000,80000000,72600000,20900000,None,45200000,-23600000,66400000,154000000,51700000
2012-12-31,398700000,1675532000,12000000,1352264000,-304100000,569200000,30900000,87400000,None,-18135000,None,18168000,-75400000,None,36600000,46600000,-384000000,-110900000,75400000,-248789000,-238000000,-304100000,-243533000,-273100000
2012-09-30,278100000,846892000,802630000,587435000,55200000,203100000,19800000,253330000,None,-18600000,None,18620000,165000,None,15900000,25641000,36000000,4600000,None,31650000,63300000,55200000,79318000,31400000
2012-06-30,312100000,925446000,812742000,629397000,119300000,172000000,20800000,209036000,None,-16100000,None,16079000,2600000,None,16700000,9900000,102200000,29400000,None,73485000,-9400000,119300000,117792000,72800000
2012-03-31,280700000,843915000,752468000,577458000,86500000,174000000,21000000,200413000,None,-15000000,None,14768000,506000,None,16000000,9800000,71700000,10000000,None,62154000,103000000,86500000,111919000,61700000
2011-12-31,264865000,865692000,200500000,600827000,-186175000,232540000,20105000,200500000,None,-17524000,None,17524000,-231000,None,17121000,12100000,-204534000,-30047000,None,-134123000,-237348000,-186175000,-87409000,-174487000
2011-09-30,272062000,890546000,790152000,618484000,92195000,159068000,20091000,195959000,None,-17373000,None,17373000,-473000,574000,16394000,29021000,74698000,24050000,None,51092000,-38850000,92195000,121924000,50648000
2011-06-30,287736000,910175000,791671000,622439000,108714000,158432000,19882000,193914000,None,-14613000,None,14613000,-222000,672000,17461000,28240000,93624000,27344000,None,66712000,90090000,108714000,137662000,66280000
2011-03-31,249059000,790273000,685974000,541214000,85469000,144760000,18122000,170208000,None,-9325000,None,9325000,-7000,235000,15224000,21625000,75162000,25053000,None,50541000,91408000,85469000,108037000,50109000
2010-12-31,232228000,753858000,658172000,521630000,79605000,157714000,16081000,145875000,None,-9067000,None,9067000,-300000,None,14854000,21296000,46467000,13006000,None,48668000,30831000,79605000,104272000,33461000
2010-09-30,236542000,764782000,666047000,537193000,90823000,128854000,16865000,149919000,None,-8953000,None,8953000,-223000,None,14265000,20650000,81538000,26488000,None,54501000,55050000,90823000,111473000,55050000
2010-06-30,248168000,787598000,679042000,547999000,100126000,131043000,16999000,153642000,None,-8569000,None,8569000,None,None,14312000,20923000,92401000,31320000,None,60488000,61081000,100126000,121049000,61081000
2009-09-30,206967000,662665000,455698000,455698000,66682000,125578000,14707000,140285000,None,-9711000,None,9711000,None,None,14552000,22005000,56836000,18159000,None,37033000,None,66682000,88687000,36948000
2009-06-30,196479000,693712000,497233000,497233000,63560000,119104000,13815000,132919000,None,-9833000,None,9833000,None,None,None,21832000,48644000,16217000,None,32006000,None,63560000,58756000,31928000
